[gd_scene load_steps=6 format=2]

[ext_resource path="res://Assets/Sprites/icon.png" type="Texture" id=1]
[ext_resource path="res://RefactoredScripts/Entities/Characters/PlayerCharacter1.gd" type="Script" id=2]
[ext_resource path="res://RefactoredScripts/Entities/Characters/Body.gd" type="Script" id=3]
[ext_resource path="res://Assets/Sound/mixkit-space-coin-win-notification-271.wav" type="AudioStream" id=4]

[sub_resource type="RectangleShape2D" id=1]
extents = Vector2( 32, 32 )

[node name="Class" type="Node2D"]
script = ExtResource( 2 )

[node name="Player" type="KinematicBody2D" parent="."]
script = ExtResource( 3 )

[node name="Sprite" type="Sprite" parent="Player"]
rotation = 1.5708
texture = ExtResource( 1 )

[node name="CollisionShape2D" type="CollisionShape2D" parent="Player"]
shape = SubResource( 1 )

[node name="Camera2D" type="Camera2D" parent="Player"]

[node name="Tween" type="Tween" parent="Player"]

[node name="AudioStreamPlayer" type="AudioStreamPlayer" parent="Player"]
stream = ExtResource( 4 )
volume_db = -40.0
